@misc{rfc6241,
    series =    {Request for Comments},
    number =    6241,
    howpublished =  {RFC 6241},
    publisher = {RFC Editor},
    doi =       {10.17487/RFC6241},
    url =       {https://www.rfc-editor.org/info/rfc6241},
    author =    {Rob Enns and Martin Björklund and Andy Bierman and Jürgen Schönwälder},
    title =     {{Network Configuration Protocol (NETCONF)}},
    pagetotal = 113,
    year =      2011,
    month =     jun,
    abstract =  {The Network Configuration Protocol (NETCONF) defined in this document provides mechanisms to install, manipulate, and delete the configuration of network devices. It uses an Extensible Markup Language (XML)-based data encoding for the configuration data as well as the protocol messages. The NETCONF protocol operations are realized as remote procedure calls (RPCs). This document obsoletes RFC 4741. {[}STANDARDS-TRACK{]}},
}

@misc{rfc4741,
    series =    {Request for Comments},
    number =    4741,
    howpublished =  {RFC 4741},
    publisher = {RFC Editor},
    doi =       {10.17487/RFC4741},
    url =       {https://www.rfc-editor.org/info/rfc4741},
    author =    {Rob Enns},
    title =     {{NETCONF Configuration Protocol}},
    pagetotal = 95,
    year =      2006,
    month =     dec,
    abstract =  {The Network Configuration Protocol (NETCONF) defined in this document provides mechanisms to install, manipulate, and delete the configuration of network devices. It uses an Extensible Markup Language (XML)-based data encoding for the configuration data as well as the protocol messages. The NETCONF protocol operations are realized on top of a simple Remote Procedure Call (RPC) layer. {[}STANDARDS-TRACK{]}},
}

@misc{rfc5277,
    series =    {Request for Comments},
    number =    5277,
    howpublished =  {RFC 5277},
    publisher = {RFC Editor},
    doi =       {10.17487/RFC5277},
    url =       {https://www.rfc-editor.org/info/rfc5277},
    author =    {Hector Trevino and Sharon Chisholm},
    title =     {{NETCONF Event Notifications}},
    pagetotal = 35,
    year =      2008,
    month =     jul,
    abstract =  {This document defines mechanisms that provide an asynchronous message notification delivery service for the Network Configuration protocol (NETCONF). This is an optional capability built on top of the base NETCONF definition. This document defines the capabilities and operations necessary to support this service. {[}STANDARDS-TRACK{]}},
}
@misc{rfc6020,
    series =    {Request for Comments},
    number =    6020,
    howpublished =  {RFC 6020},
    publisher = {RFC Editor},
    doi =       {10.17487/RFC6020},
    url =       {https://www.rfc-editor.org/info/rfc6020},
    author =    {Martin Björklund},
    title =     {{YANG - A Data Modeling Language for the Network Configuration Protocol (NETCONF)}},
    pagetotal = 173,
    year =      2010,
    month =     oct,
    abstract =  {YANG is a data modeling language used to model configuration and state data manipulated by the Network Configuration Protocol (NETCONF), NETCONF remote procedure calls, and NETCONF notifications. {[}STANDARDS-TRACK{]}},
}
@INPROCEEDINGS{netconf1,
	author={Hui Xu and Debao Xiao},
	booktitle={2008 11th IEEE International Conference on Communication Technology}, 
	title={Data modeling for NETCONF-based network management: XML schema or YANG}, 
	year={2008},
	volume={},
	number={},
	pages={561-564},
	doi={10.1109/ICCT.2008.4716122}
	}
@misc{techtarget,
	author = {},
	title = {{W}hat is {N}etwork {C}onfiguration {P}rotocol ({N}{E}{T}{C}{O}{N}{F})? | {D}efinition from {T}ech{T}arget --- techtarget.com},
	howpublished = {\url{https://www.techtarget.com/searchnetworking/definition/NETCONF}},
	year = {},
	note = {[Accessed 22-08-2023]},
}
@misc{NETCONFYANG,
	author = {Rick Donato},
	title = {{A}n {I}ntroduction to {N}{E}{T}{C}{O}{N}{F}/{Y}{A}{N}{G} - {F}ir3net --- fir3net.com},
	howpublished = {\url{https://www.fir3net.com/Networking/Protocols/an-introduction-to-netconf-yang.html#Introduction}},
	year = {},
	note = {[Accessed 06-12-2023]},
}
@misc{huawei,
    author = {},
    title = {Relationships Between NETCONF, YANG, and XML},
    howpublished = {\url{https://forum.huawei.com/enterprise/en/relationships-between-netconf-yang-and-xml/thread/667282109519249408-667213883565289474}},
    month = {},
    year = {},
    note = {(Accessed on 07/05/2023)}
}

@misc{RFC6241N8,
    author = {},
    title = {RFC 6241: Network Configuration Protocol (NETCONF)},
    howpublished = {\url{https://www.rfc-editor.org/rfc/rfc6241}},
    month = {},
    year = {},
    note = {(Accessed on 07/12/2023)}
}
@misc{techrpc,
    author = {},
    title = {What Is Remote Procedure Call (RPC)? Definition from SearchAppArchitecture},
    howpublished = {\url{https://www.techtarget.com/searchapparchitecture/definition/Remote-Procedure-Call-RPC}},
    month = {},
    year = {},
    note = {(Accessed on 05/25/2023)}
}
@misc{RFC6241N71,
    author = {},
    title = {RFC 6241: Network Configuration Protocol (NETCONF)},
    howpublished = {\url{https://www.rfc-editor.org/rfc/rfc6241#appendix-B}},
    month = {},
    year = {},
    note = {(Accessed on 07/10/2023)}
}
@misc{GNS3,
    author = {},
    title = {What is GNS3? | What Does it Do? | SYSNETTECH Solutions},
    howpublished = {\url{https://www.sysnettechsolutions.com/en/what-is-gns3/}},
    month = {},
    year = {},
    note = {(Accessed on 07/12/2023)}
}
@misc{DynamicHCP,
    author = {},
    title = {Dynamic Host Configuration Protocol (DHCP) | Microsoft Learn},
    howpublished = {\url{https://learn.microsoft.com/en-us/windows-server/networking/technologies/dhcp/dhcp-top}},
    month = {},
    year = {},
    note = {(Accessed on 07/01/2023)}
}
@misc{DHCP,
    author = {},
    title = {How to Configure Cisco Router as DHCP Server? – GetLabsDone},
    howpublished = {\url{https://getlabsdone.com/configure-cisco-router-as-dhcp-server/}},
    month = {},
    year = {},
    note = {(Accessed on 06/05/2023)}
}
@misc{SSH,
    author = {},
    title = {What is SSH (Secure Shell) and How Does it Work? Definition from TechTarget},
    howpublished = {\url{https://www.techtarget.com/searchsecurity/definition/Secure-Shell}},
    month = {},
    year = {},
    note = {(Accessed on 08/06/2023)}
}
@misc{SSH2,
    author = {},
    title = {SSH/OpenSSH/Configuring - Community Help Wiki},
    howpublished = {\url{https://help.ubuntu.com/community/SSH/OpenSSH/Configuring}},
    month = {},
    year = {},
    note = {(Accessed on 06/25/2023)}
}
@misc{github,
author = {Nabil ECH-CHOKHMANY},
title = {Nabil-Ech/NETCONF: It's the subject of my Internship in Spain at the University of Cantabria. My goal is to use GNS3 to deploy simple network topologies and develop simple software to remotely change device operation using NETCONF},
howpublished = {\url{https://github.com/Nabil-Ech/NETCONF}},
month = {},
year = {},
note = {(Accessed on 08/26/2023)}
}
@misc{chat,
author = {},
title = {chat.openai.com},
howpublished = {\url{https://chat.openai.com/}},
month = {},
year = {},
note = {(Accessed on 08/26/2023)}
}